@misc{oim,
  author = {XBRL International Inc.},
  title  = {Open Information Model 1.0},
  year   = {2021},
  whenaccessed = {2023-12-20},
  howpublished = {\url{https://www.xbrl.org/Specification/oim/REC-2021-10-13+errata-2023-04-19/oim-REC-2021-10-13+corrected-errata-2023-04-19.html#term-component}}
}

@misc{xbrl21_custom_roles,
  author = {XBRL International Inc.},
  title  = {Extensible Business Reporting Language (XBRL) 2.1 - 5.1.3 Defining custom role types - the roleType element},
  year   = {2013},
  whenaccessed = {2023-12-20},
  howpublished = {\url{http://www.xbrl.org/specification/xbrl-2.1/rec-2003-12-31/xbrl-2.1-rec-2003-12-31+corrected-errata-2013-02-20.html#_5.1.3}}
}

@misc{xml_id,
  author = {World Wide Web Consortium (W3C)},
  title  = {xml:id Version 1.0},
  year   = {2005},
  whenaccessed = {2023-12-20},
  howpublished = {\url{https://www.w3.org/TR/xml-id/}}
}

@inproceedings{Pratt1995SEA,
  author    = {Pratt, Gill A. and Williamson, Matthew M.},
  booktitle = {IEEE/RSJ International Conference on Intelligent Robots and Systems (IROS)},
  doi       = {10.1109/IROS.1995.525827},
  pages     = {3137--3181},
  title     = {{Series elastic actuators}},
  url       = {http://ieeexplore.ieee.org/lpdocs/epic03/wrapper.htm?arnumber=525827},
  year      = {1995}
}
@book{Raibert1986LeggedRobotsThatBalance,
  address   = {Cambridge, MA},
  author    = {Raibert, Marc},
  isbn      = {0262181177},
  publisher = {MIT Press},
  title     = {{Legged Robots That Balance}},
  url       = {http://portal.acm.org/citation.cfm?id=6152&dl=GUIDE},
  year      = {1986}
}

@misc{tesla_10q_2023_q3,
  author    = {Tesla Inc.},
  publisher = {U.S. Securities and Exchange Commission (SEC)},
  title     = {10-Q Quarterly Report for quarter ending September 30, 2023},
  year      = {2023},
  howpublished = {\url{https://www.sec.gov/ix?doc=/Archives/edgar/data/1318605/000162828023034847/tsla-20230930.htm}}
}

@misc{cfr_total_shareholder_return_amount,
  author    = {U.S. Securities and Exchange Commission (SEC)},
  publisher = {U.S. Securities and Exchange Commission (SEC)},
  howpublished = {\url{https://www.ecfr.gov/current/title-17/part-229#p-229.402(v)(2)(iv)}},
  title     = {17 CFR § 229.402 - (Item 402) Executive compensation.},
  year      = {2023},
  whenaccessed = {12/15/2023}
}

@mist{xbrl21_terminology,
  author = {XBRL International Inc.},
  title  = {Extensible Business Reporting Language (XBRL) 2.1 Terminology - 1.4 Terminology (non-normative except where otherwise noted)},
  year   = {2013},
  whenaccessed = {2023-12-21},
  howpublished = {\url{http://www.xbrl.org/specification/xbrl-2.1/rec-2003-12-31/xbrl-2.1-rec-2003-12-31+corrected-errata-2013-02-20.html#_1.4}}
}

}

@article{Vukobratovic2004ZeroMomentPoint,
  author    = {irgendwer \'{c}, Miomir and Borovac, Branislav},
  issn      = {0219-8436},
  journal   = {International Journal of Humanoid Robotics},
  number    = {01},
  pages     = {157--173},
  publisher = {World Scientific},
  title     = {{Zero-moment point — thirty five years of its life}},
  volume    = {1},
  year      = {2004}
}